
@book{goodfellow2016deep,
  title={Deep learning},
  author={Goodfellow, Ian and Bengio, Yoshua and Courville, Aaron},
  year={2016},
  publisher={MIT press}
}


@book{foster2022generative,
  title={Generative deep learning},
  author={Foster, David},
  year={2022},
  publisher={" O'Reilly Media, Inc."}
}


@book{cinelli2021variational,
  title={Variational methods for machine learning with applications to deep networks},
  author={Cinelli, Lucas Pinheiro and Marins, Matheus Ara{\'u}jo and Da Silva, Eduardo Antonio Barros and Netto, S{\'e}rgio Lima},
  year={2021},
  publisher={Springer}
}

@article{kingma2014adam,
  title={Adam: A method for stochastic optimization},
  author={Kingma, Diederik P and Ba, Jimmy},
  journal={arXiv preprint arXiv:1412.6980},
  year={2014}
}

@misc{edition2002probability,
  title={Probability, random variables, and stochastic processes},
  author={Edition, Fourth and Papoulis, Athanasios and Pillai, S Unnikrishna},
  year={2002},
  publisher={McGraw-Hill Europe: New York, NY, USA}
}

@article{reddi2019convergence,
  title={On the convergence of adam and beyond},
  author={Reddi, Sashank J and Kale, Satyen and Kumar, Sanjiv},
  journal={arXiv preprint arXiv:1904.09237},
  year={2019}
}

@article{mcmahan2010adaptive,
  title={Adaptive bound optimization for online convex optimization},
  author={McMahan, H Brendan and Streeter, Matthew},
  journal={arXiv preprint arXiv:1002.4908},
  year={2010}
}
